%% This BibTeX bibliography file was created using BibDesk.
%% http://bibdesk.sourceforge.net/


%% Created for Andy Taylor at 2013-05-13 16:29:21 +1000 


%% Saved with string encoding Unicode (UTF-8) 



@misc{MHL:2013perscomm,
	Author = {Manly Hydraulics Labratory},
	Date-Added = {2013-05-13 16:28:03 +1000},
	Date-Modified = {2013-05-13 16:29:13 +1000},
	Keywords = {NTC MHL comparison review},
	Month = {March},
	Title = {MHL_review},
	Year = {2013}}

@misc{foreman:2012perscomm,
	Author = {M. Foreman},
	Date-Added = {2013-02-27 16:14:10 +1100},
	Date-Modified = {2013-02-27 17:24:00 +1100},
	Howpublished = {personal communication},
	Year = {2012}}
